<record><leader>00000cas a22000007a 4500</leader><controlfield tag="001">20980059</controlfield><controlfield tag="008">900131d18861893mouwr ne      0    0eng d</controlfield><datafield ind1=" " ind2=" " tag="010"><subfield code="a">sn 90061081 </subfield></datafield><datafield ind1=" " ind2=" " tag="040"><subfield code="a">MQN</subfield><subfield code="b">eng</subfield><subfield code="c">MQN</subfield><subfield code="d">OCLCQ</subfield><subfield code="d">OCLCF</subfield><subfield code="d">OCLCO</subfield></datafield><datafield ind1=" " ind2=" " tag="042"><subfield code="a">msc</subfield></datafield><datafield ind1=" " ind2=" " tag="043"><subfield code="a">n-us-mo</subfield></datafield><datafield ind1="0" ind2="0" tag="245"><subfield code="a">Central Missouri sentinel.</subfield></datafield><datafield ind1=" " ind2=" " tag="260"><subfield code="a">Sedalia, Mo. :</subfield><subfield code="b">E.D. Crawford</subfield></datafield><datafield ind1=" " ind2=" " tag="300"><subfield code="a">v.</subfield></datafield><datafield ind1=" " ind2=" " tag="310"><subfield code="a">Weekly</subfield></datafield><datafield ind1="1" ind2=" " tag="362"><subfield code="a">Ceased in 1893?</subfield></datafield><datafield ind1=" " ind2=" " tag="588"><subfield code="a">Description based on: Vol. 1, no. 6 (Nov. 20, 1886).</subfield></datafield><datafield ind1=" " ind2="0" tag="651"><subfield code="a">Sedalia (Mo.)</subfield><subfield code="v">Newspapers.</subfield></datafield><datafield ind1=" " ind2="7" tag="655"><subfield code="a">Newspapers.</subfield><subfield code="2">fast</subfield><subfield code="0">(OCoLC)fst01423814</subfield></datafield><datafield ind1=" " ind2="7" tag="651"><subfield code="a">Missouri</subfield><subfield code="z">Sedalia.</subfield><subfield code="2">fast</subfield><subfield code="0">(OCoLC)fst01220815</subfield></datafield><datafield ind1=" " ind2=" " tag="752"><subfield code="a">United States</subfield><subfield code="b">Missouri</subfield><subfield code="c">Pettis</subfield><subfield code="d">Sedalia.</subfield></datafield><datafield ind1="0" ind2=" " tag="775"><subfield code="t">Evening sentinel (Sedalia, Mo. : 1889)</subfield><subfield code="w">(DLC)sn 90061082</subfield></datafield><datafield ind1="0" ind2="7" tag="785"><subfield code="t">Pettis County enterprise</subfield><subfield code="w">(DLC)sn 89067589</subfield></datafield><datafield ind1="0" ind2="7" tag="785"><subfield code="t">Enterprise-sentinel (Sedalia, Mo.)</subfield><subfield code="w">(DLC)sn 90061083</subfield></datafield></record>